@book{buch,
    author = {Thomas Bernhard},
    title = {{Auslöschung. Ein Zerfall}},
    publisher = {Suhrkamp},
    year = 1986,
    isbn = {978-3518380635},
}

@misc{webseite,
    author = {Raimund Fellinger},
    title = {{Auslöschung. Ein Zerfall}},
    year = 2007,
    howpublished = {\url{http://www.thomasbernhard.at/index.php?id=206}},
    note = {Zugriff am: 26.04.2017}
}
