@book{adler-vandooren,
    author={Adler, Mortimer J and {van Doren}, Charles},
    title={{How to Read a Book}},
    year={1972},
    publisher={Touchstone},
    address={New York},
    isbn={978-0-671-21209-4}
}
